@book{flake,
	Address = {Cambridge, Mass},
	Author = {Flake, Gary William},
	Publisher = {MIT Press},
	Title = {The computational beauty of nature: computer explorations
                  of fractals, chaos, complex systems, and adaptation},
	Year = {1998}}